


@misc{TomScott,
  title = {\href{https://www.youtube.com/watch?v=ldT2g2qDQNQ}{Crash Blossoms and Being Drunk: Ambiguity}},
  author = {Tom Scott},
  year = {2015},
  howpublished  = {YouTube}
}

@book{Schulman,
  title = {Techniques and applications of path integration},
  author = {Schulman, L S},
  publisher = {Dover},
  year = {2005},
  address = {New York},
  pages = {190--196}
}
@article{Schulman-phys-rev,
  title = {A Path Integral for Spin},
  author = {Schulman, Lawrence},
  journal = {Phys. Rev.},
  volume = {176},
  number = {5},
  pages = {1558--1569},
  numpages = {0},
  year = {1968},
  doi = {10.1103/PhysRev.176.1558},
}